<?xml version="1.0" encoding="UTF-8"?><collection xmlns="http://www.loc.gov/MARC21/slim"><record><leader>00438nam--2200157-i-4500</leader><controlfield tag="001">000004928</controlfield><controlfield tag="002">20161230</controlfield><controlfield tag="005">20170206185339</controlfield><controlfield tag="008">060222s1000------------r-----000-0-eng-d</controlfield><datafield ind1=" " ind2=" " tag="100"><subfield code="a">Demeur, M</subfield></datafield><datafield ind1=" " ind2=" " tag="245"><subfield code="a">Applications de la theorie du ralentissement des neutrons</subfield></datafield><datafield ind1=" " ind2=" " tag="260"><subfield code="a">Bruxelles</subfield><subfield code="b">Academie Royale De Belgique</subfield><subfield code="c">1954</subfield></datafield><datafield ind1=" " ind2=" " tag="300"><subfield code="a">/13p.</subfield></datafield><datafield ind1=" " ind2=" " tag="490"><subfield code="a">Bull.Cls.Sci., Xl, 1954</subfield></datafield><datafield ind1=" " ind2=" " tag="700"><subfield code="a">Janssens, P</subfield></datafield><datafield ind1=" " ind2=" " tag="CAT"><subfield code="a">SYS</subfield><subfield code="c">20170206</subfield><subfield code="h">185339</subfield></datafield></record></collection>